%YAML 1.1
%TAG !u! tag:unity3d.com,2011:
--- !u!29 &1
OcclusionCullingSettings:
  m_ObjectHideFlags: 0
  serializedVersion: 2
  m_OcclusionBakeSettings:
    smallestOccluder: 5
    smallestHole: 0.25
    backfaceThreshold: 100
  m_SceneGUID: 00000000000000000000000000000000
  m_OcclusionCullingData: {fileID: 0}
--- !u!104 &2
RenderSettings:
  m_ObjectHideFlags: 0
  serializedVersion: 8
  m_Fog: 0
  m_FogColor: {r: 0.5, g: 0.5, b: 0.5, a: 1}
  m_FogMode: 3
  m_FogDensity: 0.01
  m_LinearFogStart: 0
  m_LinearFogEnd: 300
  m_AmbientSkyColor: {r: 0.212, g: 0.227, b: 0.259, a: 1}
  m_AmbientEquatorColor: {r: 0.114, g: 0.125, b: 0.133, a: 1}
  m_AmbientGroundColor: {r: 0.047, g: 0.043, b: 0.035, a: 1}
  m_AmbientIntensity: 1
  m_AmbientMode: 0
  m_SubtractiveShadowColor: {r: 0.42, g: 0.478, b: 0.627, a: 1}
  m_SkyboxMaterial: {fileID: 10304, guid: 0000000000000000f000000000000000, type: 0}
  m_HaloStrength: 0.5
  m_FlareStrength: 1
  m_FlareFadeSpeed: 3
  m_HaloTexture: {fileID: 0}
  m_SpotCookie: {fileID: 10001, guid: 0000000000000000e000000000000000, type: 0}
  m_DefaultReflectionMode: 0
  m_DefaultReflectionResolution: 128
  m_ReflectionBounces: 1
  m_ReflectionIntensity: 1
  m_CustomReflection: {fileID: 0}
  m_Sun: {fileID: 0}
  m_IndirectSpecularColor: {r: 0.44657844, g: 0.49641222, b: 0.57481694, a: 1}
--- !u!157 &3
LightmapSettings:
  m_ObjectHideFlags: 0
  serializedVersion: 11
  m_GIWorkflowMode: 1
  m_GISettings:
    serializedVersion: 2
    m_BounceScale: 1
    m_IndirectOutputScale: 1
    m_AlbedoBoost: 1
    m_TemporalCoherenceThreshold: 1
    m_EnvironmentLightingMode: 0
    m_EnableBakedLightmaps: 1
    m_EnableRealtimeLightmaps: 1
  m_LightmapEditorSettings:
    serializedVersion: 9
    m_Resolution: 2
    m_BakeResolution: 40
    m_TextureWidth: 1024
    m_TextureHeight: 1024
    m_AO: 0
    m_AOMaxDistance: 1
    m_CompAOExponent: 1
    m_CompAOExponentDirect: 0
    m_Padding: 2
    m_LightmapParameters: {fileID: 0}
    m_LightmapsBakeMode: 1
    m_TextureCompression: 1
    m_FinalGather: 0
    m_FinalGatherFiltering: 1
    m_FinalGatherRayCount: 256
    m_ReflectionCompression: 2
    m_MixedBakeMode: 2
    m_BakeBackend: 0
    m_PVRSampling: 1
    m_PVRDirectSampleCount: 32
    m_PVRSampleCount: 500
    m_PVRBounces: 2
    m_PVRFilterTypeDirect: 0
    m_PVRFilterTypeIndirect: 0
    m_PVRFilterTypeAO: 0
    m_PVRFilteringMode: 1
    m_PVRCulling: 1
    m_PVRFilteringGaussRadiusDirect: 1
    m_PVRFilteringGaussRadiusIndirect: 5
    m_PVRFilteringGaussRadiusAO: 2
    m_PVRFilteringAtrousPositionSigmaDirect: 0.5
    m_PVRFilteringAtrousPositionSigmaIndirect: 2
    m_PVRFilteringAtrousPositionSigmaAO: 1
    m_ShowResolutionOverlay: 1
  m_LightingDataAsset: {fileID: 112000002, guid: 818df46051551934cb86792e38154b3f,
    type: 2}
  m_UseShadowmask: 1
--- !u!196 &4
NavMeshSettings:
  serializedVersion: 2
  m_ObjectHideFlags: 0
  m_BuildSettings:
    serializedVersion: 2
    agentTypeID: 0
    agentRadius: 0.5
    agentHeight: 2
    agentSlope: 45
    agentClimb: 0.4
    ledgeDropHeight: 0
    maxJumpAcrossDistance: 0
    minRegionArea: 2
    manualCellSize: 0
    cellSize: 0.16666667
    manualTileSize: 0
    tileSize: 256
    accuratePlacement: 0
    debug:
      m_Flags: 0
  m_NavMeshData: {fileID: 0}
--- !u!1001 &17379482
Prefab:
  m_ObjectHideFlags: 0
  serializedVersion: 2
  m_Modification:
    m_TransformParent: {fileID: 0}
    m_Modifications:
    - target: {fileID: 4967067199331614, guid: 4929096c81bb0924d8b964c88a8f33e7, type: 2}
      propertyPath: m_LocalPosition.x
      value: -1.11
      objectReference: {fileID: 0}
    - target: {fileID: 4967067199331614, guid: 4929096c81bb0924d8b964c88a8f33e7, type: 2}
      propertyPath: m_LocalPosition.y
      value: 2.14
      objectReference: {fileID: 0}
    - target: {fileID: 4967067199331614, guid: 4929096c81bb0924d8b964c88a8f33e7, type: 2}
      propertyPath: m_LocalPosition.z
      value: 2.06
      objectReference: {fileID: 0}
    - target: {fileID: 4967067199331614, guid: 4929096c81bb0924d8b964c88a8f33e7, type: 2}
      propertyPath: m_LocalRotation.x
      value: -0.7071068
      objectReference: {fileID: 0}
    - target: {fileID: 4967067199331614, guid: 4929096c81bb0924d8b964c88a8f33e7, type: 2}
      propertyPath: m_LocalRotation.y
      value: -0
      objectReference: {fileID: 0}
    - target: {fileID: 4967067199331614, guid: 4929096c81bb0924d8b964c88a8f33e7, type: 2}
      propertyPath: m_LocalRotation.z
      value: -0
      objectReference: {fileID: 0}
    - target: {fileID: 4967067199331614, guid: 4929096c81bb0924d8b964c88a8f33e7, type: 2}
      propertyPath: m_LocalRotation.w
      value: 0.7071068
      objectReference: {fileID: 0}
    - target: {fileID: 4967067199331614, guid: 4929096c81bb0924d8b964c88a8f33e7, type: 2}
      propertyPath: m_RootOrder
      value: 8
      objectReference: {fileID: 0}
    - target: {fileID: 1188283554821776, guid: 4929096c81bb0924d8b964c88a8f33e7, type: 2}
      propertyPath: m_Name
      value: "\u5BF6\u77F3\u71C8 (1)"
      objectReference: {fileID: 0}
    m_RemovedComponents: []
  m_ParentPrefab: {fileID: 100100000, guid: 4929096c81bb0924d8b964c88a8f33e7, type: 2}
  m_IsPrefabParent: 0
--- !u!1 &98922949 stripped
GameObject:
  m_PrefabParentObject: {fileID: 100076, guid: 9c00c62033a2bbb448c962d681a0f7ab, type: 3}
  m_PrefabInternal: {fileID: 166060719}
--- !u!64 &98922953
MeshCollider:
  m_ObjectHideFlags: 0
  m_PrefabParentObject: {fileID: 0}
  m_PrefabInternal: {fileID: 0}
  m_GameObject: {fileID: 98922949}
  m_Material: {fileID: 0}
  m_IsTrigger: 0
  m_Enabled: 1
  serializedVersion: 3
  m_Convex: 0
  m_CookingOptions: 14
  m_SkinWidth: 0.01
  m_Mesh: {fileID: 4300030, guid: 9c00c62033a2bbb448c962d681a0f7ab, type: 3}
--- !u!1001 &166060719
Prefab:
  m_ObjectHideFlags: 0
  serializedVersion: 2
  m_Modification:
    m_TransformParent: {fileID: 0}
    m_Modifications:
    - target: {fileID: 400080, guid: 9c00c62033a2bbb448c962d681a0f7ab, type: 3}
      propertyPath: m_LocalPosition.x
      value: 4.26009
      objectReference: {fileID: 0}
    - target: {fileID: 400080, guid: 9c00c62033a2bbb448c962d681a0f7ab, type: 3}
      propertyPath: m_LocalPosition.y
      value: -1.04
      objectReference: {fileID: 0}
    - target: {fileID: 400080, guid: 9c00c62033a2bbb448c962d681a0f7ab, type: 3}
      propertyPath: m_LocalPosition.z
      value: -2.8195868
      objectReference: {fileID: 0}
    - target: {fileID: 400080, guid: 9c00c62033a2bbb448c962d681a0f7ab, type: 3}
      propertyPath: m_LocalRotation.x
      value: 0
      objectReference: {fileID: 0}
    - target: {fileID: 400080, guid: 9c00c62033a2bbb448c962d681a0f7ab, type: 3}
      propertyPath: m_LocalRotation.y
      value: -0.7071068
      objectReference: {fileID: 0}
    - target: {fileID: 400080, guid: 9c00c62033a2bbb448c962d681a0f7ab, type: 3}
      propertyPath: m_LocalRotation.z
      value: 0
      objectReference: {fileID: 0}
    - target: {fileID: 400080, guid: 9c00c62033a2bbb448c962d681a0f7ab, type: 3}
      propertyPath: m_LocalRotation.w
      value: 0.7071068
      objectReference: {fileID: 0}
    - target: {fileID: 400080, guid: 9c00c62033a2bbb448c962d681a0f7ab, type: 3}
      propertyPath: m_RootOrder
      value: 2
      objectReference: {fileID: 0}
    - target: {fileID: 100080, guid: 9c00c62033a2bbb448c962d681a0f7ab, type: 3}
      propertyPath: m_Name
      value: "\u5BE6\u9A57\u5BA4 (1)"
      objectReference: {fileID: 0}
    - target: {fileID: 400080, guid: 9c00c62033a2bbb448c962d681a0f7ab, type: 3}
      propertyPath: m_LocalEulerAnglesHint.y
      value: -90
      objectReference: {fileID: 0}
    - target: {fileID: 2300034, guid: 9c00c62033a2bbb448c962d681a0f7ab, type: 3}
      propertyPath: m_Materials.Array.data[0]
      value: 
      objectReference: {fileID: 2100000, guid: d36293fdd038d9d4885be653d09aaa33, type: 2}
    - target: {fileID: 2300032, guid: 9c00c62033a2bbb448c962d681a0f7ab, type: 3}
      propertyPath: m_Materials.Array.data[0]
      value: 
      objectReference: {fileID: 2100000, guid: d36293fdd038d9d4885be653d09aaa33, type: 2}
    - target: {fileID: 2300036, guid: 9c00c62033a2bbb448c962d681a0f7ab, type: 3}
      propertyPath: m_Materials.Array.data[0]
      value: 
      objectReference: {fileID: 2100000, guid: d36293fdd038d9d4885be653d09aaa33, type: 2}
    - target: {fileID: 2300026, guid: 9c00c62033a2bbb448c962d681a0f7ab, type: 3}
      propertyPath: m_Materials.Array.data[0]
      value: 
      objectReference: {fileID: 2100000, guid: ac6db62f40b37b94da076b7eee5a7cdd, type: 2}
    - target: {fileID: 2300028, guid: 9c00c62033a2bbb448c962d681a0f7ab, type: 3}
      propertyPath: m_Materials.Array.data[0]
      value: 
      objectReference: {fileID: 2100000, guid: ac6db62f40b37b94da076b7eee5a7cdd, type: 2}
    - target: {fileID: 100026, guid: 9c00c62033a2bbb448c962d681a0f7ab, type: 3}
      propertyPath: m_Name
      value: "\u66F8\u684C\u817F"
      objectReference: {fileID: 0}
    - target: {fileID: 100028, guid: 9c00c62033a2bbb448c962d681a0f7ab, type: 3}
      propertyPath: m_Name
      value: "\u66F8\u684C\u817F"
      objectReference: {fileID: 0}
    - target: {fileID: 100080, guid: 9c00c62033a2bbb448c962d681a0f7ab, type: 3}
      propertyPath: m_IsActive
      value: 1
      objectReference: {fileID: 0}
    - target: {fileID: 100030, guid: 9c00c62033a2bbb448c962d681a0f7ab, type: 3}
      propertyPath: m_Name
      value: "\u684C\u9762"
      objectReference: {fileID: 0}
    - target: {fileID: 2300016, guid: 9c00c62033a2bbb448c962d681a0f7ab, type: 3}
      propertyPath: m_Materials.Array.data[0]
      value: 
      objectReference: {fileID: 2100000, guid: 9bc61720a84e29843bbbcae7798a867a, type: 2}
    - target: {fileID: 2300030, guid: 9c00c62033a2bbb448c962d681a0f7ab, type: 3}
      propertyPath: m_Materials.Array.data[0]
      value: 
      objectReference: {fileID: 2100000, guid: 9bc61720a84e29843bbbcae7798a867a, type: 2}
    - target: {fileID: 2300014, guid: 9c00c62033a2bbb448c962d681a0f7ab, type: 3}
      propertyPath: m_Materials.Array.data[0]
      value: 
      objectReference: {fileID: 2100002, guid: 9c00c62033a2bbb448c962d681a0f7ab, type: 3}
    - target: {fileID: 100018, guid: 9c00c62033a2bbb448c962d681a0f7ab, type: 3}
      propertyPath: m_Name
      value: "\u66F8\u684C\u817F"
      objectReference: {fileID: 0}
    - target: {fileID: 100020, guid: 9c00c62033a2bbb448c962d681a0f7ab, type: 3}
      propertyPath: m_Name
      value: "\u66F8\u684C\u817F"
      objectReference: {fileID: 0}
    - target: {fileID: 100022, guid: 9c00c62033a2bbb448c962d681a0f7ab, type: 3}
      propertyPath: m_Name
      value: "\u66F8\u684C\u817F"
      objectReference: {fileID: 0}
    - target: {fileID: 100024, guid: 9c00c62033a2bbb448c962d681a0f7ab, type: 3}
      propertyPath: m_Name
      value: "\u66F8\u684C\u817F"
      objectReference: {fileID: 0}
    - target: {fileID: 100016, guid: 9c00c62033a2bbb448c962d681a0f7ab, type: 3}
      propertyPath: m_Name
      value: "\u684C\u9762"
      objectReference: {fileID: 0}
    - target: {fileID: 2300020, guid: 9c00c62033a2bbb448c962d681a0f7ab, type: 3}
      propertyPath: m_Materials.Array.data[0]
      value: 
      objectReference: {fileID: 2100000, guid: ac6db62f40b37b94da076b7eee5a7cdd, type: 2}
    - target: {fileID: 2300018, guid: 9c00c62033a2bbb448c962d681a0f7ab, type: 3}
      propertyPath: m_Materials.Array.data[0]
      value: 
      objectReference: {fileID: 2100000, guid: ac6db62f40b37b94da076b7eee5a7cdd, type: 2}
    - target: {fileID: 2300022, guid: 9c00c62033a2bbb448c962d681a0f7ab, type: 3}
      propertyPath: m_Materials.Array.data[0]
      value: 
      objectReference: {fileID: 2100000, guid: ac6db62f40b37b94da076b7eee5a7cdd, type: 2}
    - target: {fileID: 2300024, guid: 9c00c62033a2bbb448c962d681a0f7ab, type: 3}
      propertyPath: m_Materials.Array.data[0]
      value: 
      objectReference: {fileID: 2100000, guid: ac6db62f40b37b94da076b7eee5a7cdd, type: 2}
    - target: {fileID: 2300004, guid: 9c00c62033a2bbb448c962d681a0f7ab, type: 3}
      propertyPath: m_Materials.Array.data[0]
      value: 
      objectReference: {fileID: 2100016, guid: 9c00c62033a2bbb448c962d681a0f7ab, type: 3}
    m_RemovedComponents: []
  m_ParentPrefab: {fileID: 100100000, guid: 9c00c62033a2bbb448c962d681a0f7ab, type: 3}
  m_IsPrefabParent: 0
--- !u!1 &180373902 stripped
GameObject:
  m_PrefabParentObject: {fileID: 100018, guid: 9c00c62033a2bbb448c962d681a0f7ab, type: 3}
  m_PrefabInternal: {fileID: 166060719}
--- !u!64 &180373906
MeshCollider:
  m_ObjectHideFlags: 0
  m_PrefabParentObject: {fileID: 0}
  m_PrefabInternal: {fileID: 0}
  m_GameObject: {fileID: 180373902}
  m_Material: {fileID: 0}
  m_IsTrigger: 0
  m_Enabled: 1
  serializedVersion: 3
  m_Convex: 0
  m_CookingOptions: 14
  m_SkinWidth: 0.01
  m_Mesh: {fileID: 4300028, guid: 9c00c62033a2bbb448c962d681a0f7ab, type: 3}
--- !u!1 &201878369 stripped
GameObject:
  m_PrefabParentObject: {fileID: 100066, guid: 9c00c62033a2bbb448c962d681a0f7ab, type: 3}
  m_PrefabInternal: {fileID: 166060719}
--- !u!64 &201878373
MeshCollider:
  m_ObjectHideFlags: 0
  m_PrefabParentObject: {fileID: 0}
  m_PrefabInternal: {fileID: 0}
  m_GameObject: {fileID: 201878369}
  m_Material: {fileID: 0}
  m_IsTrigger: 0
  m_Enabled: 1
  serializedVersion: 3
  m_Convex: 0
  m_CookingOptions: 14
  m_SkinWidth: 0.01
  m_Mesh: {fileID: 4300078, guid: 9c00c62033a2bbb448c962d681a0f7ab, type: 3}
--- !u!1 &210999504 stripped
GameObject:
  m_PrefabParentObject: {fileID: 100028, guid: 9c00c62033a2bbb448c962d681a0f7ab, type: 3}
  m_PrefabInternal: {fileID: 166060719}
--- !u!64 &210999508
MeshCollider:
  m_ObjectHideFlags: 0
  m_PrefabParentObject: {fileID: 0}
  m_PrefabInternal: {fileID: 0}
  m_GameObject: {fileID: 210999504}
  m_Material: {fileID: 0}
  m_IsTrigger: 0
  m_Enabled: 1
  serializedVersion: 3
  m_Convex: 0
  m_CookingOptions: 14
  m_SkinWidth: 0.01
  m_Mesh: {fileID: 4300016, guid: 9c00c62033a2bbb448c962d681a0f7ab, type: 3}
--- !u!1 &220307482 stripped
GameObject:
  m_PrefabParentObject: {fileID: 100012, guid: 9c00c62033a2bbb448c962d681a0f7ab, type: 3}
  m_PrefabInternal: {fileID: 166060719}
--- !u!64 &220307486
MeshCollider:
  m_ObjectHideFlags: 0
  m_PrefabParentObject: {fileID: 0}
  m_PrefabInternal: {fileID: 0}
  m_GameObject: {fileID: 220307482}
  m_Material: {fileID: 0}
  m_IsTrigger: 0
  m_Enabled: 1
  serializedVersion: 3
  m_Convex: 0
  m_CookingOptions: 14
  m_SkinWidth: 0.01
  m_Mesh: {fileID: 4300044, guid: 9c00c62033a2bbb448c962d681a0f7ab, type: 3}
--- !u!1 &231491748 stripped
GameObject:
  m_PrefabParentObject: {fileID: 100032, guid: 9c00c62033a2bbb448c962d681a0f7ab, type: 3}
  m_PrefabInternal: {fileID: 166060719}
--- !u!64 &231491752
MeshCollider:
  m_ObjectHideFlags: 0
  m_PrefabParentObject: {fileID: 0}
  m_PrefabInternal: {fileID: 0}
  m_GameObject: {fileID: 231491748}
  m_Material: {fileID: 0}
  m_IsTrigger: 0
  m_Enabled: 1
  serializedVersion: 3
  m_Convex: 0
  m_CookingOptions: 14
  m_SkinWidth: 0.01
  m_Mesh: {fileID: 4300014, guid: 9c00c62033a2bbb448c962d681a0f7ab, type: 3}
--- !u!1 &238527929 stripped
GameObject:
  m_PrefabParentObject: {fileID: 100010, guid: 9c00c62033a2bbb448c962d681a0f7ab, type: 3}
  m_PrefabInternal: {fileID: 166060719}
--- !u!64 &238527933
MeshCollider:
  m_ObjectHideFlags: 0
  m_PrefabParentObject: {fileID: 0}
  m_PrefabInternal: {fileID: 0}
  m_GameObject: {fileID: 238527929}
  m_Material: {fileID: 0}
  m_IsTrigger: 0
  m_Enabled: 1
  serializedVersion: 3
  m_Convex: 0
  m_CookingOptions: 14
  m_SkinWidth: 0.01
  m_Mesh: {fileID: 4300042, guid: 9c00c62033a2bbb448c962d681a0f7ab, type: 3}
--- !u!1 &271506288 stripped
GameObject:
  m_PrefabParentObject: {fileID: 100026, guid: 9c00c62033a2bbb448c962d681a0f7ab, type: 3}
  m_PrefabInternal: {fileID: 166060719}
--- !u!64 &271506292
MeshCollider:
  m_ObjectHideFlags: 0
  m_PrefabParentObject: {fileID: 0}
  m_PrefabInternal: {fileID: 0}
  m_GameObject: {fileID: 271506288}
  m_Material: {fileID: 0}
  m_IsTrigger: 0
  m_Enabled: 1
  serializedVersion: 3
  m_Convex: 0
  m_CookingOptions: 14
  m_SkinWidth: 0.01
  m_Mesh: {fileID: 4300018, guid: 9c00c62033a2bbb448c962d681a0f7ab, type: 3}
--- !u!1 &319549751 stripped
GameObject:
  m_PrefabParentObject: {fileID: 100050, guid: 9c00c62033a2bbb448c962d681a0f7ab, type: 3}
  m_PrefabInternal: {fileID: 166060719}
--- !u!64 &319549755
MeshCollider:
  m_ObjectHideFlags: 0
  m_PrefabParentObject: {fileID: 0}
  m_PrefabInternal: {fileID: 0}
  m_GameObject: {fileID: 319549751}
  m_Material: {fileID: 0}
  m_IsTrigger: 0
  m_Enabled: 1
  serializedVersion: 3
  m_Convex: 0
  m_CookingOptions: 14
  m_SkinWidth: 0.01
  m_Mesh: {fileID: 4300058, guid: 9c00c62033a2bbb448c962d681a0f7ab, type: 3}
--- !u!1001 &326678646
Prefab:
  m_ObjectHideFlags: 0
  serializedVersion: 2
  m_Modification:
    m_TransformParent: {fileID: 0}
    m_Modifications:
    - target: {fileID: 4967067199331614, guid: 4929096c81bb0924d8b964c88a8f33e7, type: 2}
      propertyPath: m_LocalPosition.x
      value: -1.11
      objectReference: {fileID: 0}
    - target: {fileID: 4967067199331614, guid: 4929096c81bb0924d8b964c88a8f33e7, type: 2}
      propertyPath: m_LocalPosition.y
      value: 2.14
      objectReference: {fileID: 0}
    - target: {fileID: 4967067199331614, guid: 4929096c81bb0924d8b964c88a8f33e7, type: 2}
      propertyPath: m_LocalPosition.z
      value: -14.75
      objectReference: {fileID: 0}
    - target: {fileID: 4967067199331614, guid: 4929096c81bb0924d8b964c88a8f33e7, type: 2}
      propertyPath: m_LocalRotation.x
      value: -0.7071068
      objectReference: {fileID: 0}
    - target: {fileID: 4967067199331614, guid: 4929096c81bb0924d8b964c88a8f33e7, type: 2}
      propertyPath: m_LocalRotation.y
      value: -0
      objectReference: {fileID: 0}
    - target: {fileID: 4967067199331614, guid: 4929096c81bb0924d8b964c88a8f33e7, type: 2}
      propertyPath: m_LocalRotation.z
      value: -0
      objectReference: {fileID: 0}
    - target: {fileID: 4967067199331614, guid: 4929096c81bb0924d8b964c88a8f33e7, type: 2}
      propertyPath: m_LocalRotation.w
      value: 0.7071068
      objectReference: {fileID: 0}
    - target: {fileID: 4967067199331614, guid: 4929096c81bb0924d8b964c88a8f33e7, type: 2}
      propertyPath: m_RootOrder
      value: 1
      objectReference: {fileID: 0}
    m_RemovedComponents: []
  m_ParentPrefab: {fileID: 100100000, guid: 4929096c81bb0924d8b964c88a8f33e7, type: 2}
  m_IsPrefabParent: 0
--- !u!4 &356562755 stripped
Transform:
  m_PrefabParentObject: {fileID: 400080, guid: 9c00c62033a2bbb448c962d681a0f7ab, type: 3}
  m_PrefabInternal: {fileID: 166060719}
--- !u!1001 &359619131
Prefab:
  m_ObjectHideFlags: 0
  serializedVersion: 2
  m_Modification:
    m_TransformParent: {fileID: 0}
    m_Modifications:
    - target: {fileID: 4405597793717870, guid: fbae4daea71f85a478b473aad531bffc, type: 2}
      propertyPath: m_LocalPosition.x
      value: 5.22
      objectReference: {fileID: 0}
    - target: {fileID: 4405597793717870, guid: fbae4daea71f85a478b473aad531bffc, type: 2}
      propertyPath: m_LocalPosition.y
      value: 0.00000015988297
      objectReference: {fileID: 0}
    - target: {fileID: 4405597793717870, guid: fbae4daea71f85a478b473aad531bffc, type: 2}
      propertyPath: m_LocalPosition.z
      value: -13.06
      objectReference: {fileID: 0}
    - target: {fileID: 4405597793717870, guid: fbae4daea71f85a478b473aad531bffc, type: 2}
      propertyPath: m_LocalRotation.x
      value: -0
      objectReference: {fileID: 0}
    - target: {fileID: 4405597793717870, guid: fbae4daea71f85a478b473aad531bffc, type: 2}
      propertyPath: m_LocalRotation.y
      value: -0
      objectReference: {fileID: 0}
    - target: {fileID: 4405597793717870, guid: fbae4daea71f85a478b473aad531bffc, type: 2}
      propertyPath: m_LocalRotation.z
      value: -0
      objectReference: {fileID: 0}
    - target: {fileID: 4405597793717870, guid: fbae4daea71f85a478b473aad531bffc, type: 2}
      propertyPath: m_LocalRotation.w
      value: 1
      objectReference: {fileID: 0}
    - target: {fileID: 4405597793717870, guid: fbae4daea71f85a478b473aad531bffc, type: 2}
      propertyPath: m_RootOrder
      value: 0
      objectReference: {fileID: 0}
    - target: {fileID: 224951274588638790, guid: fbae4daea71f85a478b473aad531bffc,
        type: 2}
      propertyPath: m_AnchorMax.x
      value: 0.311
      objectReference: {fileID: 0}
    - target: {fileID: 224951274588638790, guid: fbae4daea71f85a478b473aad531bffc,
        type: 2}
      propertyPath: m_AnchorMax.y
      value: 1
      objectReference: {fileID: 0}
    - target: {fileID: 224493932544757766, guid: fbae4daea71f85a478b473aad531bffc,
        type: 2}
      propertyPath: m_AnchorMax.x
      value: 0.311
      objectReference: {fileID: 0}
    - target: {fileID: 224493932544757766, guid: fbae4daea71f85a478b473aad531bffc,
        type: 2}
      propertyPath: m_AnchorMax.y
      value: 1
      objectReference: {fileID: 0}
    - target: {fileID: 224846797364449654, guid: fbae4daea71f85a478b473aad531bffc,
        type: 2}
      propertyPath: m_AnchorMax.x
      value: 0.641
      objectReference: {fileID: 0}
    - target: {fileID: 224846797364449654, guid: fbae4daea71f85a478b473aad531bffc,
        type: 2}
      propertyPath: m_AnchorMax.y
      value: 1
      objectReference: {fileID: 0}
    m_RemovedComponents: []
  m_ParentPrefab: {fileID: 100100000, guid: fbae4daea71f85a478b473aad531bffc, type: 2}
  m_IsPrefabParent: 0
--- !u!1 &410074571 stripped
GameObject:
  m_PrefabParentObject: {fileID: 100024, guid: 9c00c62033a2bbb448c962d681a0f7ab, type: 3}
  m_PrefabInternal: {fileID: 166060719}
--- !u!64 &410074575
MeshCollider:
  m_ObjectHideFlags: 0
  m_PrefabParentObject: {fileID: 0}
  m_PrefabInternal: {fileID: 0}
  m_GameObject: {fileID: 410074571}
  m_Material: {fileID: 0}
  m_IsTrigger: 0
  m_Enabled: 1
  serializedVersion: 3
  m_Convex: 0
  m_CookingOptions: 14
  m_SkinWidth: 0.01
  m_Mesh: {fileID: 4300026, guid: 9c00c62033a2bbb448c962d681a0f7ab, type: 3}
--- !u!1 &447350590 stripped
GameObject:
  m_PrefabParentObject: {fileID: 100020, guid: 9c00c62033a2bbb448c962d681a0f7ab, type: 3}
  m_PrefabInternal: {fileID: 166060719}
--- !u!64 &447350594
MeshCollider:
  m_ObjectHideFlags: 0
  m_PrefabParentObject: {fileID: 0}
  m_PrefabInternal: {fileID: 0}
  m_GameObject: {fileID: 447350590}
  m_Material: {fileID: 0}
  m_IsTrigger: 0
  m_Enabled: 1
  serializedVersion: 3
  m_Convex: 0
  m_CookingOptions: 14
  m_SkinWidth: 0.01
  m_Mesh: {fileID: 4300024, guid: 9c00c62033a2bbb448c962d681a0f7ab, type: 3}
--- !u!1 &458142328 stripped
GameObject:
  m_PrefabParentObject: {fileID: 100016, guid: 9c00c62033a2bbb448c962d681a0f7ab, type: 3}
  m_PrefabInternal: {fileID: 166060719}
--- !u!64 &458142332
MeshCollider:
  m_ObjectHideFlags: 0
  m_PrefabParentObject: {fileID: 0}
  m_PrefabInternal: {fileID: 0}
  m_GameObject: {fileID: 458142328}
  m_Material: {fileID: 0}
  m_IsTrigger: 0
  m_Enabled: 1
  serializedVersion: 3
  m_Convex: 0
  m_CookingOptions: 14
  m_SkinWidth: 0.01
  m_Mesh: {fileID: 4300020, guid: 9c00c62033a2bbb448c962d681a0f7ab, type: 3}
--- !u!1 &465102315 stripped
GameObject:
  m_PrefabParentObject: {fileID: 100042, guid: 9c00c62033a2bbb448c962d681a0f7ab, type: 3}
  m_PrefabInternal: {fileID: 166060719}
--- !u!64 &465102319
MeshCollider:
  m_ObjectHideFlags: 0
  m_PrefabParentObject: {fileID: 0}
  m_PrefabInternal: {fileID: 0}
  m_GameObject: {fileID: 465102315}
  m_Material: {fileID: 0}
  m_IsTrigger: 0
  m_Enabled: 1
  serializedVersion: 3
  m_Convex: 0
  m_CookingOptions: 14
  m_SkinWidth: 0.01
  m_Mesh: {fileID: 4300050, guid: 9c00c62033a2bbb448c962d681a0f7ab, type: 3}
--- !u!1 &519740379 stripped
GameObject:
  m_PrefabParentObject: {fileID: 100068, guid: 9c00c62033a2bbb448c962d681a0f7ab, type: 3}
  m_PrefabInternal: {fileID: 166060719}
--- !u!64 &519740383
MeshCollider:
  m_ObjectHideFlags: 0
  m_PrefabParentObject: {fileID: 0}
  m_PrefabInternal: {fileID: 0}
  m_GameObject: {fileID: 519740379}
  m_Material: {fileID: 0}
  m_IsTrigger: 0
  m_Enabled: 1
  serializedVersion: 3
  m_Convex: 0
  m_CookingOptions: 14
  m_SkinWidth: 0.01
  m_Mesh: {fileID: 4300082, guid: 9c00c62033a2bbb448c962d681a0f7ab, type: 3}
--- !u!1 &607378609 stripped
GameObject:
  m_PrefabParentObject: {fileID: 100022, guid: 9c00c62033a2bbb448c962d681a0f7ab, type: 3}
  m_PrefabInternal: {fileID: 166060719}
--- !u!64 &607378613
MeshCollider:
  m_ObjectHideFlags: 0
  m_PrefabParentObject: {fileID: 0}
  m_PrefabInternal: {fileID: 0}
  m_GameObject: {fileID: 607378609}
  m_Material: {fileID: 0}
  m_IsTrigger: 0
  m_Enabled: 1
  serializedVersion: 3
  m_Convex: 0
  m_CookingOptions: 14
  m_SkinWidth: 0.01
  m_Mesh: {fileID: 4300022, guid: 9c00c62033a2bbb448c962d681a0f7ab, type: 3}
--- !u!1001 &629477814
Prefab:
  m_ObjectHideFlags: 0
  serializedVersion: 2
  m_Modification:
    m_TransformParent: {fileID: 0}
    m_Modifications:
    - target: {fileID: 4967067199331614, guid: 4929096c81bb0924d8b964c88a8f33e7, type: 2}
      propertyPath: m_LocalPosition.x
      value: 8.75
      objectReference: {fileID: 0}
    - target: {fileID: 4967067199331614, guid: 4929096c81bb0924d8b964c88a8f33e7, type: 2}
      propertyPath: m_LocalPosition.y
      value: 2.14
      objectReference: {fileID: 0}
    - target: {fileID: 4967067199331614, guid: 4929096c81bb0924d8b964c88a8f33e7, type: 2}
      propertyPath: m_LocalPosition.z
      value: -4.85
      objectReference: {fileID: 0}
    - target: {fileID: 4967067199331614, guid: 4929096c81bb0924d8b964c88a8f33e7, type: 2}
      propertyPath: m_LocalRotation.x
      value: -0.7071068
      objectReference: {fileID: 0}
    - target: {fileID: 4967067199331614, guid: 4929096c81bb0924d8b964c88a8f33e7, type: 2}
      propertyPath: m_LocalRotation.y
      value: -0
      objectReference: {fileID: 0}
    - target: {fileID: 4967067199331614, guid: 4929096c81bb0924d8b964c88a8f33e7, type: 2}
      propertyPath: m_LocalRotation.z
      value: -0
      objectReference: {fileID: 0}
    - target: {fileID: 4967067199331614, guid: 4929096c81bb0924d8b964c88a8f33e7, type: 2}
      propertyPath: m_LocalRotation.w
      value: 0.7071068
      objectReference: {fileID: 0}
    - target: {fileID: 4967067199331614, guid: 4929096c81bb0924d8b964c88a8f33e7, type: 2}
      propertyPath: m_RootOrder
      value: 9
      objectReference: {fileID: 0}
    - target: {fileID: 1188283554821776, guid: 4929096c81bb0924d8b964c88a8f33e7, type: 2}
      propertyPath: m_Name
      value: "\u5BF6\u77F3\u71C8 (2)"
      objectReference: {fileID: 0}
    m_RemovedComponents: []
  m_ParentPrefab: {fileID: 100100000, guid: 4929096c81bb0924d8b964c88a8f33e7, type: 2}
  m_IsPrefabParent: 0
--- !u!1 &686471906 stripped
GameObject:
  m_PrefabParentObject: {fileID: 100046, guid: 9c00c62033a2bbb448c962d681a0f7ab, type: 3}
  m_PrefabInternal: {fileID: 166060719}
--- !u!64 &686471910
MeshCollider:
  m_ObjectHideFlags: 0
  m_PrefabParentObject: {fileID: 0}
  m_PrefabInternal: {fileID: 0}
  m_GameObject: {fileID: 686471906}
  m_Material: {fileID: 0}
  m_IsTrigger: 0
  m_Enabled: 1
  serializedVersion: 3
  m_Convex: 0
  m_CookingOptions: 14
  m_SkinWidth: 0.01
  m_Mesh: {fileID: 4300054, guid: 9c00c62033a2bbb448c962d681a0f7ab, type: 3}
--- !u!1001 &766904246
Prefab:
  m_ObjectHideFlags: 0
  serializedVersion: 2
  m_Modification:
    m_TransformParent: {fileID: 0}
    m_Modifications:
    - target: {fileID: 4428742110880900, guid: 0bee542a712fd7245afca3d728845756, type: 2}
      propertyPath: m_LocalPosition.x
      value: 258.92935
      objectReference: {fileID: 0}
    - target: {fileID: 4428742110880900, guid: 0bee542a712fd7245afca3d728845756, type: 2}
      propertyPath: m_LocalPosition.y
      value: 968.8043
      objectReference: {fileID: 0}
    - target: {fileID: 4428742110880900, guid: 0bee542a712fd7245afca3d728845756, type: 2}
      propertyPath: m_LocalPosition.z
      value: -0.00034713745
      objectReference: {fileID: 0}
    - target: {fileID: 4428742110880900, guid: 0bee542a712fd7245afca3d728845756, type: 2}
      propertyPath: m_LocalRotation.x
      value: 0
      objectReference: {fileID: 0}
    - target: {fileID: 4428742110880900, guid: 0bee542a712fd7245afca3d728845756, type: 2}
      propertyPath: m_LocalRotation.y
      value: 0
      objectReference: {fileID: 0}
    - target: {fileID: 4428742110880900, guid: 0bee542a712fd7245afca3d728845756, type: 2}
      propertyPath: m_LocalRotation.z
      value: 0
      objectReference: {fileID: 0}
    - target: {fileID: 4428742110880900, guid: 0bee542a712fd7245afca3d728845756, type: 2}
      propertyPath: m_LocalRotation.w
      value: 1
      objectReference: {fileID: 0}
    - target: {fileID: 4428742110880900, guid: 0bee542a712fd7245afca3d728845756, type: 2}
      propertyPath: m_RootOrder
      value: 5
      objectReference: {fileID: 0}
    m_RemovedComponents: []
  m_ParentPrefab: {fileID: 100100000, guid: 0bee542a712fd7245afca3d728845756, type: 2}
  m_IsPrefabParent: 0
--- !u!1 &817872720 stripped
GameObject:
  m_PrefabParentObject: {fileID: 100070, guid: 9c00c62033a2bbb448c962d681a0f7ab, type: 3}
  m_PrefabInternal: {fileID: 166060719}
--- !u!64 &817872724
MeshCollider:
  m_ObjectHideFlags: 0
  m_PrefabParentObject: {fileID: 0}
  m_PrefabInternal: {fileID: 0}
  m_GameObject: {fileID: 817872720}
  m_Material: {fileID: 0}
  m_IsTrigger: 0
  m_Enabled: 1
  serializedVersion: 3
  m_Convex: 0
  m_CookingOptions: 14
  m_SkinWidth: 0.01
  m_Mesh: {fileID: 4300034, guid: 9c00c62033a2bbb448c962d681a0f7ab, type: 3}
--- !u!1 &871068938 stripped
GameObject:
  m_PrefabParentObject: {fileID: 100058, guid: 9c00c62033a2bbb448c962d681a0f7ab, type: 3}
  m_PrefabInternal: {fileID: 166060719}
--- !u!64 &871068942
MeshCollider:
  m_ObjectHideFlags: 0
  m_PrefabParentObject: {fileID: 0}
  m_PrefabInternal: {fileID: 0}
  m_GameObject: {fileID: 871068938}
  m_Material: {fileID: 0}
  m_IsTrigger: 0
  m_Enabled: 1
  serializedVersion: 3
  m_Convex: 0
  m_CookingOptions: 14
  m_SkinWidth: 0.01
  m_Mesh: {fileID: 4300066, guid: 9c00c62033a2bbb448c962d681a0f7ab, type: 3}
--- !u!1 &907619293 stripped
GameObject:
  m_PrefabParentObject: {fileID: 100062, guid: 9c00c62033a2bbb448c962d681a0f7ab, type: 3}
  m_PrefabInternal: {fileID: 166060719}
--- !u!64 &907619297
MeshCollider:
  m_ObjectHideFlags: 0
  m_PrefabParentObject: {fileID: 0}
  m_PrefabInternal: {fileID: 0}
  m_GameObject: {fileID: 907619293}
  m_Material: {fileID: 0}
  m_IsTrigger: 0
  m_Enabled: 1
  serializedVersion: 3
  m_Convex: 0
  m_CookingOptions: 14
  m_SkinWidth: 0.01
  m_Mesh: {fileID: 4300074, guid: 9c00c62033a2bbb448c962d681a0f7ab, type: 3}
--- !u!1 &928628621 stripped
GameObject:
  m_PrefabParentObject: {fileID: 100038, guid: 9c00c62033a2bbb448c962d681a0f7ab, type: 3}
  m_PrefabInternal: {fileID: 166060719}
--- !u!64 &928628625
MeshCollider:
  m_ObjectHideFlags: 0
  m_PrefabParentObject: {fileID: 0}
  m_PrefabInternal: {fileID: 0}
  m_GameObject: {fileID: 928628621}
  m_Material: {fileID: 0}
  m_IsTrigger: 0
  m_Enabled: 1
  serializedVersion: 3
  m_Convex: 0
  m_CookingOptions: 14
  m_SkinWidth: 0.01
  m_Mesh: {fileID: 4300046, guid: 9c00c62033a2bbb448c962d681a0f7ab, type: 3}
--- !u!1 &999120829 stripped
GameObject:
  m_PrefabParentObject: {fileID: 100048, guid: 9c00c62033a2bbb448c962d681a0f7ab, type: 3}
  m_PrefabInternal: {fileID: 166060719}
--- !u!64 &999120833
MeshCollider:
  m_ObjectHideFlags: 0
  m_PrefabParentObject: {fileID: 0}
  m_PrefabInternal: {fileID: 0}
  m_GameObject: {fileID: 999120829}
  m_Material: {fileID: 0}
  m_IsTrigger: 0
  m_Enabled: 1
  serializedVersion: 3
  m_Convex: 0
  m_CookingOptions: 14
  m_SkinWidth: 0.01
  m_Mesh: {fileID: 4300056, guid: 9c00c62033a2bbb448c962d681a0f7ab, type: 3}
--- !u!1 &1003920358 stripped
GameObject:
  m_PrefabParentObject: {fileID: 100078, guid: 9c00c62033a2bbb448c962d681a0f7ab, type: 3}
  m_PrefabInternal: {fileID: 166060719}
--- !u!64 &1003920362
MeshCollider:
  m_ObjectHideFlags: 0
  m_PrefabParentObject: {fileID: 0}
  m_PrefabInternal: {fileID: 0}
  m_GameObject: {fileID: 1003920358}
  m_Material: {fileID: 0}
  m_IsTrigger: 0
  m_Enabled: 1
  serializedVersion: 3
  m_Convex: 0
  m_CookingOptions: 14
  m_SkinWidth: 0.01
  m_Mesh: {fileID: 4300002, guid: 9c00c62033a2bbb448c962d681a0f7ab, type: 3}
--- !u!1 &1027987000 stripped
GameObject:
  m_PrefabParentObject: {fileID: 100054, guid: 9c00c62033a2bbb448c962d681a0f7ab, type: 3}
  m_PrefabInternal: {fileID: 166060719}
--- !u!64 &1027987004
MeshCollider:
  m_ObjectHideFlags: 0
  m_PrefabParentObject: {fileID: 0}
  m_PrefabInternal: {fileID: 0}
  m_GameObject: {fileID: 1027987000}
  m_Material: {fileID: 0}
  m_IsTrigger: 0
  m_Enabled: 1
  serializedVersion: 3
  m_Convex: 0
  m_CookingOptions: 14
  m_SkinWidth: 0.01
  m_Mesh: {fileID: 4300062, guid: 9c00c62033a2bbb448c962d681a0f7ab, type: 3}
--- !u!1 &1036121978 stripped
GameObject:
  m_PrefabParentObject: {fileID: 100030, guid: 9c00c62033a2bbb448c962d681a0f7ab, type: 3}
  m_PrefabInternal: {fileID: 166060719}
--- !u!64 &1036121982
MeshCollider:
  m_ObjectHideFlags: 0
  m_PrefabParentObject: {fileID: 0}
  m_PrefabInternal: {fileID: 0}
  m_GameObject: {fileID: 1036121978}
  m_Material: {fileID: 0}
  m_IsTrigger: 0
  m_Enabled: 1
  serializedVersion: 3
  m_Convex: 0
  m_CookingOptions: 14
  m_SkinWidth: 0.01
  m_Mesh: {fileID: 4300010, guid: 9c00c62033a2bbb448c962d681a0f7ab, type: 3}
--- !u!1 &1060707066 stripped
GameObject:
  m_PrefabParentObject: {fileID: 100072, guid: 9c00c62033a2bbb448c962d681a0f7ab, type: 3}
  m_PrefabInternal: {fileID: 166060719}
--- !u!64 &1060707070
MeshCollider:
  m_ObjectHideFlags: 0
  m_PrefabParentObject: {fileID: 0}
  m_PrefabInternal: {fileID: 0}
  m_GameObject: {fileID: 1060707066}
  m_Material: {fileID: 0}
  m_IsTrigger: 0
  m_Enabled: 1
  serializedVersion: 3
  m_Convex: 0
  m_CookingOptions: 14
  m_SkinWidth: 0.01
  m_Mesh: {fileID: 4300036, guid: 9c00c62033a2bbb448c962d681a0f7ab, type: 3}
--- !u!1 &1086703766
GameObject:
  m_ObjectHideFlags: 0
  m_PrefabParentObject: {fileID: 0}
  m_PrefabInternal: {fileID: 0}
  serializedVersion: 5
  m_Component:
  - component: {fileID: 1086703768}
  - component: {fileID: 1086703767}
  m_Layer: 0
  m_Name: Directional Light
  m_TagString: Untagged
  m_Icon: {fileID: 0}
  m_NavMeshLayer: 0
  m_StaticEditorFlags: 0
  m_IsActive: 1
--- !u!108 &1086703767
Light:
  m_ObjectHideFlags: 0
  m_PrefabParentObject: {fileID: 0}
  m_PrefabInternal: {fileID: 0}
  m_GameObject: {fileID: 1086703766}
  m_Enabled: 1
  serializedVersion: 8
  m_Type: 1
  m_Color: {r: 1, g: 0.95686275, b: 0.8392157, a: 1}
  m_Intensity: 1
  m_Range: 10
  m_SpotAngle: 30
  m_CookieSize: 10
  m_Shadows:
    m_Type: 2
    m_Resolution: -1
    m_CustomResolution: -1
    m_Strength: 1
    m_Bias: 0.05
    m_NormalBias: 0.4
    m_NearPlane: 0.2
  m_Cookie: {fileID: 0}
  m_DrawHalo: 0
  m_Flare: {fileID: 0}
  m_RenderMode: 0
  m_CullingMask:
    serializedVersion: 2
    m_Bits: 4294967295
  m_Lightmapping: 4
  m_AreaSize: {x: 1, y: 1}
  m_BounceIntensity: 1
  m_ColorTemperature: 6570
  m_UseColorTemperature: 0
  m_ShadowRadius: 0
  m_ShadowAngle: 0
--- !u!4 &1086703768
Transform:
  m_ObjectHideFlags: 0
  m_PrefabParentObject: {fileID: 0}
  m_PrefabInternal: {fileID: 0}
  m_GameObject: {fileID: 1086703766}
  m_LocalRotation: {x: 0.40821788, y: -0.23456968, z: 0.10938163, w: 0.8754261}
  m_LocalPosition: {x: 0, y: 3, z: 0}
  m_LocalScale: {x: 1, y: 1, z: 1}
  m_Children: []
  m_Father: {fileID: 0}
  m_RootOrder: 4
  m_LocalEulerAnglesHint: {x: 50, y: -30, z: 0}
--- !u!1 &1116508155 stripped
GameObject:
  m_PrefabParentObject: {fileID: 100002, guid: 9c00c62033a2bbb448c962d681a0f7ab, type: 3}
  m_PrefabInternal: {fileID: 166060719}
--- !u!64 &1116508159
MeshCollider:
  m_ObjectHideFlags: 0
  m_PrefabParentObject: {fileID: 0}
  m_PrefabInternal: {fileID: 0}
  m_GameObject: {fileID: 1116508155}
  m_Material: {fileID: 0}
  m_IsTrigger: 0
  m_Enabled: 1
  serializedVersion: 3
  m_Convex: 0
  m_CookingOptions: 14
  m_SkinWidth: 0.01
  m_Mesh: {fileID: 4300004, guid: 9c00c62033a2bbb448c962d681a0f7ab, type: 3}
--- !u!1001 &1118742375
Prefab:
  m_ObjectHideFlags: 0
  serializedVersion: 2
  m_Modification:
    m_TransformParent: {fileID: 0}
    m_Modifications:
    - target: {fileID: 4562637091861898, guid: ac61320c9f2c6fa4d863476c3562580a, type: 2}
      propertyPath: m_LocalPosition.x
      value: 5.31
      objectReference: {fileID: 0}
    - target: {fileID: 4562637091861898, guid: ac61320c9f2c6fa4d863476c3562580a, type: 2}
      propertyPath: m_LocalPosition.y
      value: 0.14
      objectReference: {fileID: 0}
    - target: {fileID: 4562637091861898, guid: ac61320c9f2c6fa4d863476c3562580a, type: 2}
      propertyPath: m_LocalPosition.z
      value: -13.13
      objectReference: {fileID: 0}
    - target: {fileID: 4562637091861898, guid: ac61320c9f2c6fa4d863476c3562580a, type: 2}
      propertyPath: m_LocalRotation.x
      value: 0
      objectReference: {fileID: 0}
    - target: {fileID: 4562637091861898, guid: ac61320c9f2c6fa4d863476c3562580a, type: 2}
      propertyPath: m_LocalRotation.y
      value: 0
      objectReference: {fileID: 0}
    - target: {fileID: 4562637091861898, guid: ac61320c9f2c6fa4d863476c3562580a, type: 2}
      propertyPath: m_LocalRotation.z
      value: 0
      objectReference: {fileID: 0}
    - target: {fileID: 4562637091861898, guid: ac61320c9f2c6fa4d863476c3562580a, type: 2}
      propertyPath: m_LocalRotation.w
      value: 1
      objectReference: {fileID: 0}
    - target: {fileID: 4562637091861898, guid: ac61320c9f2c6fa4d863476c3562580a, type: 2}
      propertyPath: m_RootOrder
      value: 3
      objectReference: {fileID: 0}
    - target: {fileID: 4562637091861898, guid: ac61320c9f2c6fa4d863476c3562580a, type: 2}
      propertyPath: m_LocalScale.x
      value: 2.9974375
      objectReference: {fileID: 0}
    - target: {fileID: 4562637091861898, guid: ac61320c9f2c6fa4d863476c3562580a, type: 2}
      propertyPath: m_LocalScale.y
      value: 2.997438
      objectReference: {fileID: 0}
    - target: {fileID: 4562637091861898, guid: ac61320c9f2c6fa4d863476c3562580a, type: 2}
      propertyPath: m_LocalScale.z
      value: 2.997438
      objectReference: {fileID: 0}
    - target: {fileID: 114491257848719238, guid: ac61320c9f2c6fa4d863476c3562580a,
        type: 2}
      propertyPath: number
      value: 3
      objectReference: {fileID: 0}
    - target: {fileID: 23678151146222980, guid: ac61320c9f2c6fa4d863476c3562580a,
        type: 2}
      propertyPath: m_Enabled
      value: 0
      objectReference: {fileID: 0}
    m_RemovedComponents: []
  m_ParentPrefab: {fileID: 100100000, guid: ac61320c9f2c6fa4d863476c3562580a, type: 2}
  m_IsPrefabParent: 0
--- !u!1 &1123900025 stripped
GameObject:
  m_PrefabParentObject: {fileID: 100056, guid: 9c00c62033a2bbb448c962d681a0f7ab, type: 3}
  m_PrefabInternal: {fileID: 166060719}
--- !u!64 &1123900029
MeshCollider:
  m_ObjectHideFlags: 0
  m_PrefabParentObject: {fileID: 0}
  m_PrefabInternal: {fileID: 0}
  m_GameObject: {fileID: 1123900025}
  m_Material: {fileID: 0}
  m_IsTrigger: 0
  m_Enabled: 1
  serializedVersion: 3
  m_Convex: 0
  m_CookingOptions: 14
  m_SkinWidth: 0.01
  m_Mesh: {fileID: 4300064, guid: 9c00c62033a2bbb448c962d681a0f7ab, type: 3}
--- !u!1 &1251549590 stripped
GameObject:
  m_PrefabParentObject: {fileID: 100040, guid: 9c00c62033a2bbb448c962d681a0f7ab, type: 3}
  m_PrefabInternal: {fileID: 166060719}
--- !u!64 &1251549594
MeshCollider:
  m_ObjectHideFlags: 0
  m_PrefabParentObject: {fileID: 0}
  m_PrefabInternal: {fileID: 0}
  m_GameObject: {fileID: 1251549590}
  m_Material: {fileID: 0}
  m_IsTrigger: 0
  m_Enabled: 1
  serializedVersion: 3
  m_Convex: 0
  m_CookingOptions: 14
  m_SkinWidth: 0.01
  m_Mesh: {fileID: 4300048, guid: 9c00c62033a2bbb448c962d681a0f7ab, type: 3}
--- !u!1 &1266365286 stripped
GameObject:
  m_PrefabParentObject: {fileID: 100074, guid: 9c00c62033a2bbb448c962d681a0f7ab, type: 3}
  m_PrefabInternal: {fileID: 166060719}
--- !u!64 &1266365290
MeshCollider:
  m_ObjectHideFlags: 0
  m_PrefabParentObject: {fileID: 0}
  m_PrefabInternal: {fileID: 0}
  m_GameObject: {fileID: 1266365286}
  m_Material: {fileID: 0}
  m_IsTrigger: 0
  m_Enabled: 1
  serializedVersion: 3
  m_Convex: 0
  m_CookingOptions: 14
  m_SkinWidth: 0.01
  m_Mesh: {fileID: 4300038, guid: 9c00c62033a2bbb448c962d681a0f7ab, type: 3}
--- !u!1 &1300265485 stripped
GameObject:
  m_PrefabParentObject: {fileID: 100084, guid: 9c00c62033a2bbb448c962d681a0f7ab, type: 3}
  m_PrefabInternal: {fileID: 166060719}
--- !u!64 &1300265489
MeshCollider:
  m_ObjectHideFlags: 0
  m_PrefabParentObject: {fileID: 0}
  m_PrefabInternal: {fileID: 0}
  m_GameObject: {fileID: 1300265485}
  m_Material: {fileID: 0}
  m_IsTrigger: 0
  m_Enabled: 1
  serializedVersion: 3
  m_Convex: 0
  m_CookingOptions: 14
  m_SkinWidth: 0.01
  m_Mesh: {fileID: 4300072, guid: 9c00c62033a2bbb448c962d681a0f7ab, type: 3}
--- !u!1 &1365938273 stripped
GameObject:
  m_PrefabParentObject: {fileID: 100014, guid: 9c00c62033a2bbb448c962d681a0f7ab, type: 3}
  m_PrefabInternal: {fileID: 166060719}
--- !u!64 &1365938277
MeshCollider:
  m_ObjectHideFlags: 0
  m_PrefabParentObject: {fileID: 0}
  m_PrefabInternal: {fileID: 0}
  m_GameObject: {fileID: 1365938273}
  m_Material: {fileID: 0}
  m_IsTrigger: 0
  m_Enabled: 1
  serializedVersion: 3
  m_Convex: 0
  m_CookingOptions: 14
  m_SkinWidth: 0.01
  m_Mesh: {fileID: 4300000, guid: 9c00c62033a2bbb448c962d681a0f7ab, type: 3}
--- !u!1 &1475753067 stripped
GameObject:
  m_PrefabParentObject: {fileID: 100044, guid: 9c00c62033a2bbb448c962d681a0f7ab, type: 3}
  m_PrefabInternal: {fileID: 166060719}
--- !u!64 &1475753071
MeshCollider:
  m_ObjectHideFlags: 0
  m_PrefabParentObject: {fileID: 0}
  m_PrefabInternal: {fileID: 0}
  m_GameObject: {fileID: 1475753067}
  m_Material: {fileID: 0}
  m_IsTrigger: 0
  m_Enabled: 1
  serializedVersion: 3
  m_Convex: 0
  m_CookingOptions: 14
  m_SkinWidth: 0.01
  m_Mesh: {fileID: 4300052, guid: 9c00c62033a2bbb448c962d681a0f7ab, type: 3}
--- !u!4 &1475843139 stripped
Transform:
  m_PrefabParentObject: {fileID: 4562637091861898, guid: ac61320c9f2c6fa4d863476c3562580a,
    type: 2}
  m_PrefabInternal: {fileID: 1118742375}
--- !u!1 &1573203573 stripped
GameObject:
  m_PrefabParentObject: {fileID: 100082, guid: 9c00c62033a2bbb448c962d681a0f7ab, type: 3}
  m_PrefabInternal: {fileID: 166060719}
--- !u!64 &1573203577
MeshCollider:
  m_ObjectHideFlags: 0
  m_PrefabParentObject: {fileID: 0}
  m_PrefabInternal: {fileID: 0}
  m_GameObject: {fileID: 1573203573}
  m_Material: {fileID: 0}
  m_IsTrigger: 0
  m_Enabled: 1
  serializedVersion: 3
  m_Convex: 0
  m_CookingOptions: 14
  m_SkinWidth: 0.01
  m_Mesh: {fileID: 4300006, guid: 9c00c62033a2bbb448c962d681a0f7ab, type: 3}
--- !u!1 &1669331905 stripped
GameObject:
  m_PrefabParentObject: {fileID: 100034, guid: 9c00c62033a2bbb448c962d681a0f7ab, type: 3}
  m_PrefabInternal: {fileID: 166060719}
--- !u!64 &1669331909
MeshCollider:
  m_ObjectHideFlags: 0
  m_PrefabParentObject: {fileID: 0}
  m_PrefabInternal: {fileID: 0}
  m_GameObject: {fileID: 1669331905}
  m_Material: {fileID: 0}
  m_IsTrigger: 0
  m_Enabled: 1
  serializedVersion: 3
  m_Convex: 0
  m_CookingOptions: 14
  m_SkinWidth: 0.01
  m_Mesh: {fileID: 4300012, guid: 9c00c62033a2bbb448c962d681a0f7ab, type: 3}
--- !u!1 &1790296568
GameObject:
  m_ObjectHideFlags: 0
  m_PrefabParentObject: {fileID: 100014, guid: 9c00c62033a2bbb448c962d681a0f7ab, type: 3}
  m_PrefabInternal: {fileID: 0}
  serializedVersion: 5
  m_Component:
  - component: {fileID: 1790296569}
  - component: {fileID: 1790296572}
  - component: {fileID: 1790296571}
  - component: {fileID: 1790296570}
  m_Layer: 0
  m_Name: Box007 (1)
  m_TagString: Untagged
  m_Icon: {fileID: 0}
  m_NavMeshLayer: 0
  m_StaticEditorFlags: 0
  m_IsActive: 1
--- !u!4 &1790296569
Transform:
  m_ObjectHideFlags: 0
  m_PrefabParentObject: {fileID: 400014, guid: 9c00c62033a2bbb448c962d681a0f7ab, type: 3}
  m_PrefabInternal: {fileID: 0}
  m_GameObject: {fileID: 1790296568}
  m_LocalRotation: {x: -0.7071068, y: -0, z: -0, w: 0.7071068}
  m_LocalPosition: {x: -4.5682583, y: 8.73, z: 0.37535572}
  m_LocalScale: {x: 2.6466522, y: 1.0539409, z: 1.0000008}
  m_Children: []
  m_Father: {fileID: 356562755}
  m_RootOrder: 33
  m_LocalEulerAnglesHint: {x: 0, y: 0, z: 0}
--- !u!64 &1790296570
MeshCollider:
  m_ObjectHideFlags: 0
  m_PrefabParentObject: {fileID: 0}
  m_PrefabInternal: {fileID: 0}
  m_GameObject: {fileID: 1790296568}
  m_Material: {fileID: 0}
  m_IsTrigger: 0
  m_Enabled: 1
  serializedVersion: 3
  m_Convex: 0
  m_CookingOptions: 14
  m_SkinWidth: 0.01
  m_Mesh: {fileID: 4300000, guid: 9c00c62033a2bbb448c962d681a0f7ab, type: 3}
--- !u!23 &1790296571
MeshRenderer:
  m_ObjectHideFlags: 0
  m_PrefabParentObject: {fileID: 2300014, guid: 9c00c62033a2bbb448c962d681a0f7ab,
    type: 3}
  m_PrefabInternal: {fileID: 0}
  m_GameObject: {fileID: 1790296568}
  m_Enabled: 1
  m_CastShadows: 1
  m_ReceiveShadows: 1
  m_DynamicOccludee: 1
  m_MotionVectors: 1
  m_LightProbeUsage: 1
  m_ReflectionProbeUsage: 1
  m_Materials:
  - {fileID: 2100002, guid: 9c00c62033a2bbb448c962d681a0f7ab, type: 3}
  m_StaticBatchInfo:
    firstSubMesh: 0
    subMeshCount: 0
  m_StaticBatchRoot: {fileID: 0}
  m_ProbeAnchor: {fileID: 0}
  m_LightProbeVolumeOverride: {fileID: 0}
  m_ScaleInLightmap: 1
  m_PreserveUVs: 0
  m_IgnoreNormalsForChartDetection: 0
  m_ImportantGI: 0
  m_StitchLightmapSeams: 0
  m_SelectedEditorRenderState: 3
  m_MinimumChartSize: 4
  m_AutoUVMaxDistance: 0.5
  m_AutoUVMaxAngle: 89
  m_LightmapParameters: {fileID: 0}
  m_SortingLayerID: 0
  m_SortingLayer: 0
  m_SortingOrder: 0
--- !u!33 &1790296572
MeshFilter:
  m_ObjectHideFlags: 0
  m_PrefabParentObject: {fileID: 3300014, guid: 9c00c62033a2bbb448c962d681a0f7ab,
    type: 3}
  m_PrefabInternal: {fileID: 0}
  m_GameObject: {fileID: 1790296568}
  m_Mesh: {fileID: 4300000, guid: 9c00c62033a2bbb448c962d681a0f7ab, type: 3}
--- !u!1 &1811632905 stripped
GameObject:
  m_PrefabParentObject: {fileID: 100036, guid: 9c00c62033a2bbb448c962d681a0f7ab, type: 3}
  m_PrefabInternal: {fileID: 166060719}
--- !u!64 &1811632909
MeshCollider:
  m_ObjectHideFlags: 0
  m_PrefabParentObject: {fileID: 0}
  m_PrefabInternal: {fileID: 0}
  m_GameObject: {fileID: 1811632905}
  m_Material: {fileID: 0}
  m_IsTrigger: 0
  m_Enabled: 1
  serializedVersion: 3
  m_Convex: 0
  m_CookingOptions: 14
  m_SkinWidth: 0.01
  m_Mesh: {fileID: 4300008, guid: 9c00c62033a2bbb448c962d681a0f7ab, type: 3}
--- !u!1 &1894232161 stripped
GameObject:
  m_PrefabParentObject: {fileID: 100000, guid: 9c00c62033a2bbb448c962d681a0f7ab, type: 3}
  m_PrefabInternal: {fileID: 166060719}
--- !u!64 &1894232165
MeshCollider:
  m_ObjectHideFlags: 0
  m_PrefabParentObject: {fileID: 0}
  m_PrefabInternal: {fileID: 0}
  m_GameObject: {fileID: 1894232161}
  m_Material: {fileID: 0}
  m_IsTrigger: 0
  m_Enabled: 1
  serializedVersion: 3
  m_Convex: 0
  m_CookingOptions: 14
  m_SkinWidth: 0.01
  m_Mesh: {fileID: 4300040, guid: 9c00c62033a2bbb448c962d681a0f7ab, type: 3}
--- !u!1 &1904519489 stripped
GameObject:
  m_PrefabParentObject: {fileID: 100006, guid: 9c00c62033a2bbb448c962d681a0f7ab, type: 3}
  m_PrefabInternal: {fileID: 166060719}
--- !u!64 &1904519493
MeshCollider:
  m_ObjectHideFlags: 0
  m_PrefabParentObject: {fileID: 0}
  m_PrefabInternal: {fileID: 0}
  m_GameObject: {fileID: 1904519489}
  m_Material: {fileID: 0}
  m_IsTrigger: 0
  m_Enabled: 1
  serializedVersion: 3
  m_Convex: 0
  m_CookingOptions: 14
  m_SkinWidth: 0.01
  m_Mesh: {fileID: 4300068, guid: 9c00c62033a2bbb448c962d681a0f7ab, type: 3}
--- !u!1 &1906701851 stripped
GameObject:
  m_PrefabParentObject: {fileID: 100004, guid: 9c00c62033a2bbb448c962d681a0f7ab, type: 3}
  m_PrefabInternal: {fileID: 166060719}
--- !u!64 &1906701855
MeshCollider:
  m_ObjectHideFlags: 0
  m_PrefabParentObject: {fileID: 0}
  m_PrefabInternal: {fileID: 0}
  m_GameObject: {fileID: 1906701851}
  m_Material: {fileID: 0}
  m_IsTrigger: 0
  m_Enabled: 1
  serializedVersion: 3
  m_Convex: 0
  m_CookingOptions: 14
  m_SkinWidth: 0.01
  m_Mesh: {fileID: 4300032, guid: 9c00c62033a2bbb448c962d681a0f7ab, type: 3}
--- !u!1 &1945265345
GameObject:
  m_ObjectHideFlags: 0
  m_PrefabParentObject: {fileID: 0}
  m_PrefabInternal: {fileID: 0}
  serializedVersion: 5
  m_Component:
  - component: {fileID: 1945265348}
  - component: {fileID: 1945265347}
  - component: {fileID: 1945265346}
  m_Layer: 5
  m_Name: EventSystem
  m_TagString: Untagged
  m_Icon: {fileID: 0}
  m_NavMeshLayer: 0
  m_StaticEditorFlags: 0
  m_IsActive: 1
--- !u!114 &1945265346
MonoBehaviour:
  m_ObjectHideFlags: 0
  m_PrefabParentObject: {fileID: 0}
  m_PrefabInternal: {fileID: 0}
  m_GameObject: {fileID: 1945265345}
  m_Enabled: 1
  m_EditorHideFlags: 0
  m_Script: {fileID: 1077351063, guid: f70555f144d8491a825f0804e09c671c, type: 3}
  m_Name: 
  m_EditorClassIdentifier: 
  m_HorizontalAxis: Horizontal
  m_VerticalAxis: Vertical
  m_SubmitButton: Submit
  m_CancelButton: Cancel
  m_InputActionsPerSecond: 10
  m_RepeatDelay: 0.5
  m_ForceModuleActive: 0
--- !u!114 &1945265347
MonoBehaviour:
  m_ObjectHideFlags: 0
  m_PrefabParentObject: {fileID: 0}
  m_PrefabInternal: {fileID: 0}
  m_GameObject: {fileID: 1945265345}
  m_Enabled: 1
  m_EditorHideFlags: 0
  m_Script: {fileID: -619905303, guid: f70555f144d8491a825f0804e09c671c, type: 3}
  m_Name: 
  m_EditorClassIdentifier: 
  m_FirstSelected: {fileID: 0}
  m_sendNavigationEvents: 1
  m_DragThreshold: 5
--- !u!4 &1945265348
Transform:
  m_ObjectHideFlags: 0
  m_PrefabParentObject: {fileID: 0}
  m_PrefabInternal: {fileID: 0}
  m_GameObject: {fileID: 1945265345}
  m_LocalRotation: {x: 0.19502884, y: -0, z: -0, w: 0.9807976}
  m_LocalPosition: {x: -0.22, y: 5.750459, z: -10.095643}
  m_LocalScale: {x: 0.0006415003, y: 0.0006415003, z: 0.0006415003}
  m_Children: []
  m_Father: {fileID: 0}
  m_RootOrder: 7
  m_LocalEulerAnglesHint: {x: 0, y: 0, z: 0}
--- !u!1 &1961412133 stripped
GameObject:
  m_PrefabParentObject: {fileID: 100008, guid: 9c00c62033a2bbb448c962d681a0f7ab, type: 3}
  m_PrefabInternal: {fileID: 166060719}
--- !u!64 &1961412137
MeshCollider:
  m_ObjectHideFlags: 0
  m_PrefabParentObject: {fileID: 0}
  m_PrefabInternal: {fileID: 0}
  m_GameObject: {fileID: 1961412133}
  m_Material: {fileID: 0}
  m_IsTrigger: 0
  m_Enabled: 1
  serializedVersion: 3
  m_Convex: 0
  m_CookingOptions: 14
  m_SkinWidth: 0.01
  m_Mesh: {fileID: 4300080, guid: 9c00c62033a2bbb448c962d681a0f7ab, type: 3}
--- !u!1001 &1980441133
Prefab:
  m_ObjectHideFlags: 0
  serializedVersion: 2
  m_Modification:
    m_TransformParent: {fileID: 1475843139}
    m_Modifications:
    - target: {fileID: 4560628246218850, guid: ac32b009d4e92bd4481615b82c82a037, type: 2}
      propertyPath: m_LocalPosition.x
      value: 0
      objectReference: {fileID: 0}
    - target: {fileID: 4560628246218850, guid: ac32b009d4e92bd4481615b82c82a037, type: 2}
      propertyPath: m_LocalPosition.y
      value: -0.35634
      objectReference: {fileID: 0}
    - target: {fileID: 4560628246218850, guid: ac32b009d4e92bd4481615b82c82a037, type: 2}
      propertyPath: m_LocalPosition.z
      value: 0
      objectReference: {fileID: 0}
    - target: {fileID: 4560628246218850, guid: ac32b009d4e92bd4481615b82c82a037, type: 2}
      propertyPath: m_LocalRotation.x
      value: -0.7071068
      objectReference: {fileID: 0}
    - target: {fileID: 4560628246218850, guid: ac32b009d4e92bd4481615b82c82a037, type: 2}
      propertyPath: m_LocalRotation.y
      value: -0
      objectReference: {fileID: 0}
    - target: {fileID: 4560628246218850, guid: ac32b009d4e92bd4481615b82c82a037, type: 2}
      propertyPath: m_LocalRotation.z
      value: -0
      objectReference: {fileID: 0}
    - target: {fileID: 4560628246218850, guid: ac32b009d4e92bd4481615b82c82a037, type: 2}
      propertyPath: m_LocalRotation.w
      value: 0.7071068
      objectReference: {fileID: 0}
    - target: {fileID: 4560628246218850, guid: ac32b009d4e92bd4481615b82c82a037, type: 2}
      propertyPath: m_RootOrder
      value: 0
      objectReference: {fileID: 0}
    - target: {fileID: 198528237902121668, guid: ac32b009d4e92bd4481615b82c82a037,
        type: 2}
      propertyPath: randomSeed
      value: -93492411
      objectReference: {fileID: 0}
    - target: {fileID: 4560628246218850, guid: ac32b009d4e92bd4481615b82c82a037, type: 2}
      propertyPath: m_LocalScale.x
      value: 0.023117065
      objectReference: {fileID: 0}
    - target: {fileID: 4560628246218850, guid: ac32b009d4e92bd4481615b82c82a037, type: 2}
      propertyPath: m_LocalScale.y
      value: 0.023117108
      objectReference: {fileID: 0}
    - target: {fileID: 4560628246218850, guid: ac32b009d4e92bd4481615b82c82a037, type: 2}
      propertyPath: m_LocalScale.z
      value: 0.023117108
      objectReference: {fileID: 0}
    - target: {fileID: 198528237902121668, guid: ac32b009d4e92bd4481615b82c82a037,
        type: 2}
      propertyPath: InitialModule.startSize.scalar
      value: 3.56
      objectReference: {fileID: 0}
    - target: {fileID: 198579884471604006, guid: ac32b009d4e92bd4481615b82c82a037,
        type: 2}
      propertyPath: randomSeed
      value: -1558484329
      objectReference: {fileID: 0}
    - target: {fileID: 198579884471604006, guid: ac32b009d4e92bd4481615b82c82a037,
        type: 2}
      propertyPath: InitialModule.startSize.scalar
      value: 2.78
      objectReference: {fileID: 0}
    - target: {fileID: 4388978776460250, guid: ac32b009d4e92bd4481615b82c82a037, type: 2}
      propertyPath: m_LocalScale.y
      value: 30
      objectReference: {fileID: 0}
    - target: {fileID: 4388978776460250, guid: ac32b009d4e92bd4481615b82c82a037, type: 2}
      propertyPath: m_LocalScale.z
      value: 30
      objectReference: {fileID: 0}
    - target: {fileID: 4388978776460250, guid: ac32b009d4e92bd4481615b82c82a037, type: 2}
      propertyPath: m_LocalScale.x
      value: 30
      objectReference: {fileID: 0}
    - target: {fileID: 198734310580727528, guid: ac32b009d4e92bd4481615b82c82a037,
        type: 2}
      propertyPath: randomSeed
      value: -1989629030
      objectReference: {fileID: 0}
    - target: {fileID: 198734310580727528, guid: ac32b009d4e92bd4481615b82c82a037,
        type: 2}
      propertyPath: InitialModule.startSize.scalar
      value: 1
      objectReference: {fileID: 0}
    - target: {fileID: 198734310580727528, guid: ac32b009d4e92bd4481615b82c82a037,
        type: 2}
      propertyPath: InitialModule.startSize.minScalar
      value: 1
      objectReference: {fileID: 0}
    - target: {fileID: 198734310580727528, guid: ac32b009d4e92bd4481615b82c82a037,
        type: 2}
      propertyPath: InitialModule.startSizeY.scalar
      value: 0
      objectReference: {fileID: 0}
    - target: {fileID: 198734310580727528, guid: ac32b009d4e92bd4481615b82c82a037,
        type: 2}
      propertyPath: InitialModule.startSizeY.minScalar
      value: 0.59
      objectReference: {fileID: 0}
    m_RemovedComponents: []
  m_ParentPrefab: {fileID: 100100000, guid: ac32b009d4e92bd4481615b82c82a037, type: 2}
  m_IsPrefabParent: 0
--- !u!1 &2006120746
GameObject:
  m_ObjectHideFlags: 0
  m_PrefabParentObject: {fileID: 0}
  m_PrefabInternal: {fileID: 0}
  serializedVersion: 5
  m_Component:
  - component: {fileID: 2006120750}
  - component: {fileID: 2006120749}
  - component: {fileID: 2006120748}
  - component: {fileID: 2006120747}
  - component: {fileID: 2006120751}
  m_Layer: 0
  m_Name: Plane
  m_TagString: readobj
  m_Icon: {fileID: 0}
  m_NavMeshLayer: 0
  m_StaticEditorFlags: 0
  m_IsActive: 1
--- !u!23 &2006120747
MeshRenderer:
  m_ObjectHideFlags: 0
  m_PrefabParentObject: {fileID: 0}
  m_PrefabInternal: {fileID: 0}
  m_GameObject: {fileID: 2006120746}
  m_Enabled: 1
  m_CastShadows: 1
  m_ReceiveShadows: 1
  m_DynamicOccludee: 1
  m_MotionVectors: 1
  m_LightProbeUsage: 1
  m_ReflectionProbeUsage: 1
  m_Materials:
  - {fileID: 10303, guid: 0000000000000000f000000000000000, type: 0}
  m_StaticBatchInfo:
    firstSubMesh: 0
    subMeshCount: 0
  m_StaticBatchRoot: {fileID: 0}
  m_ProbeAnchor: {fileID: 0}
  m_LightProbeVolumeOverride: {fileID: 0}
  m_ScaleInLightmap: 1
  m_PreserveUVs: 1
  m_IgnoreNormalsForChartDetection: 0
  m_ImportantGI: 0
  m_StitchLightmapSeams: 0
  m_SelectedEditorRenderState: 3
  m_MinimumChartSize: 4
  m_AutoUVMaxDistance: 0.5
  m_AutoUVMaxAngle: 89
  m_LightmapParameters: {fileID: 0}
  m_SortingLayerID: 0
  m_SortingLayer: 0
  m_SortingOrder: 0
--- !u!64 &2006120748
MeshCollider:
  m_ObjectHideFlags: 0
  m_PrefabParentObject: {fileID: 0}
  m_PrefabInternal: {fileID: 0}
  m_GameObject: {fileID: 2006120746}
  m_Material: {fileID: 0}
  m_IsTrigger: 0
  m_Enabled: 1
  serializedVersion: 3
  m_Convex: 0
  m_CookingOptions: 14
  m_SkinWidth: 0.01
  m_Mesh: {fileID: 10209, guid: 0000000000000000e000000000000000, type: 0}
--- !u!33 &2006120749
MeshFilter:
  m_ObjectHideFlags: 0
  m_PrefabParentObject: {fileID: 0}
  m_PrefabInternal: {fileID: 0}
  m_GameObject: {fileID: 2006120746}
  m_Mesh: {fileID: 10209, guid: 0000000000000000e000000000000000, type: 0}
--- !u!4 &2006120750
Transform:
  m_ObjectHideFlags: 0
  m_PrefabParentObject: {fileID: 0}
  m_PrefabInternal: {fileID: 0}
  m_GameObject: {fileID: 2006120746}
  m_LocalRotation: {x: -0, y: 0.23951197, z: -0, w: 0.9708934}
  m_LocalPosition: {x: -0.66, y: 0.07, z: -1.24}
  m_LocalScale: {x: 0.036065813, y: 0.03606581, z: 0.05159808}
  m_Children: []
  m_Father: {fileID: 0}
  m_RootOrder: 6
  m_LocalEulerAnglesHint: {x: 0, y: 27.715002, z: 0}
--- !u!114 &2006120751
MonoBehaviour:
  m_ObjectHideFlags: 0
  m_PrefabParentObject: {fileID: 0}
  m_PrefabInternal: {fileID: 0}
  m_GameObject: {fileID: 2006120746}
  m_Enabled: 1
  m_EditorHideFlags: 0
  m_Script: {fileID: 11500000, guid: 45cc2645a89d9194481a1cca85820536, type: 3}
  m_Name: 
  m_EditorClassIdentifier: 
  text: "\u5FB7\u514B\u8AFE\u62C9\u5BE6\u9A57\u65E5\u8A8C  \u65E5\u671F:\u5E1D\u570B\u6B772\u5E74
    7\u670811\u65E5  \u53C8\u662F\u7121\u804A\u7684\u4E00\u5929\uFF0C228\u865F\u5BE6\u9A57\u9AD4\u6B7B\u4EA1\uFF0C\u5BA3\u544A\u5931\u6557\uFF0C\u5143\u7D20\u9AD4\u878D\u5408\u9032\u618E\u60E1\u4E2D\u7684\u60F3\u6CD5\u770B\u4F86\u662F\u4E0D\u53EF\u884C\u7684\uFF0C\u4E0D\u65B7\u63A5\u53D7\u5916\u754C\u7684\u5143\u7D20\u53F2\u7684\u618E\u60E1\u9AD4\u9032\u884C\u4E0D\u53EF\u9006\u7684\u5143\u7D20\u5316\uFF0C\u76F4\u5230\u95DC\u9375\u5668\u5B98\u53D7\u4FB5\u8972\uFF0C\u5C0E\u81F4\u618E\u60E1\u9AD4\u6B7B\u4EA1\uFF0C\u540C\u4E00\u5BE6\u9A57\u9805\u76EE\u7684234\u865F\u53CA332\u865F\u5BE6\u9A57\u9AD4\u4E5F\u5728\u9010\u6F38\u5143\u7D20\u5316\uFF0C\u770B\u4F86\u53EF\u4EE5\u653E\u68C4\u9019\u9805\u5BE6\u9A57\u4E86\u3002
    \ \u706B\u7CFB\u7684324\u865F\u5BE6\u9A57\u9AD4\u767C\u751F\u7206\u70B8\uFF0C\u9019\u662F\u7B2C13\u6B21\u4E86\uFF0C\u706B\u7CFB\u6C38\u9060\u662F\u90A3\u9EBC\u7684\u4E0D\u53EF\u63A7......
    \ \u807D\u8AAA\u904E\u5169\u5929\u6703\u9001\u4F86\u4E00\u6279\u65B0\u7684\u6750\u6599\uFF0C\u5E0C\u671B\u9019\u6B21\u6709\u4E9B\u66F4\u6709\u8DA3\u7684\u6771\u897F
    \ \u65E5\u671F:\u5E1D\u570B\u6B772\u5E74 7\u670813\u65E5  \u6750\u6599\u62B5\u9054\u4E86\uFF0C\u7C3D\u6536\u6642\u6211\u4E0D\u6562\u76F8\u4FE1\u81EA\u5DF1\u7684\u773C\u775B\uFF0C\u820A\u795E\u4E4B\u773C\uFF0C\u820A\u795E\u7684\u80A2\u9AD4\u6B98\u7247\u4E2D\u7684\u4E00\u5C0F\u90E8\u5206\uFF0C\u9019\u662F\u7D55\u4F73\u7684\u5BE6\u9A57\u6750\u6599\uFF0C\u6211\u8FEB\u4E0D\u53CA\u5F85\u958B\u59CB\u9032\u884C\u5BE6\u9A57\u4E86......
    \ ......  \u65E5\u671F:\u5E1D\u570B\u6B773\u5E74 3\u670824\u65E5  \u4E8B\u60C5\u5B8C\u5168\u8D85\u51FA\u4E86\u6211\u7684\u638C\u63A7\uFF0C\u820A\u795E\u7684\u773C\u775B......\u90A3\u602A\u7269\u7684\u773C\u775B\uFF0C\u5BE6\u9A57\u5BA4\u5DF2\u7D93\u4E0D\u518D\u5B89\u5168\u4E86\uFF0C\u7942\u7834\u58DE\u4E86\u6574\u500B\u5B89\u7BA1\u7CFB\u7D71\uFF0C\u4F46......\u4ED6\u7D55\u5C0D\u662F\u500B\u6700\u4F73\u7684\u770B\u5B88\u8005\uFF0C\u770B\u4F86\u6211\u7684\u4F7F\u547D\u5B8C\u6210\u4E86\uFF0C\u6B7B\u65BC\u81EA\u5DF1\u7684\u5275\u9020\u7269\u4E2D\u611F\u89BA\u4E5F\u4E0D\u932F.......
    \u7562\u7ADF\u5B78\u8005\u6B7B\u65BC\u81EA\u5DF1\u7684\u5BE6\u9A57\u4E2D\uFF0C\u4E5F\u662F\u5E38\u614B\u4E86
    \  \u4E0D\u662F\u55CE?"
--- !u!1 &2064735952 stripped
GameObject:
  m_PrefabParentObject: {fileID: 100064, guid: 9c00c62033a2bbb448c962d681a0f7ab, type: 3}
  m_PrefabInternal: {fileID: 166060719}
--- !u!64 &2064735956
MeshCollider:
  m_ObjectHideFlags: 0
  m_PrefabParentObject: {fileID: 0}
  m_PrefabInternal: {fileID: 0}
  m_GameObject: {fileID: 2064735952}
  m_Material: {fileID: 0}
  m_IsTrigger: 0
  m_Enabled: 1
  serializedVersion: 3
  m_Convex: 0
  m_CookingOptions: 14
  m_SkinWidth: 0.01
  m_Mesh: {fileID: 4300076, guid: 9c00c62033a2bbb448c962d681a0f7ab, type: 3}
--- !u!1 &2074122348 stripped
GameObject:
  m_PrefabParentObject: {fileID: 100052, guid: 9c00c62033a2bbb448c962d681a0f7ab, type: 3}
  m_PrefabInternal: {fileID: 166060719}
--- !u!64 &2074122352
MeshCollider:
  m_ObjectHideFlags: 0
  m_PrefabParentObject: {fileID: 0}
  m_PrefabInternal: {fileID: 0}
  m_GameObject: {fileID: 2074122348}
  m_Material: {fileID: 0}
  m_IsTrigger: 0
  m_Enabled: 1
  serializedVersion: 3
  m_Convex: 0
  m_CookingOptions: 14
  m_SkinWidth: 0.01
  m_Mesh: {fileID: 4300060, guid: 9c00c62033a2bbb448c962d681a0f7ab, type: 3}
--- !u!1 &2088192646 stripped
GameObject:
  m_PrefabParentObject: {fileID: 100060, guid: 9c00c62033a2bbb448c962d681a0f7ab, type: 3}
  m_PrefabInternal: {fileID: 166060719}
--- !u!64 &2088192650
MeshCollider:
  m_ObjectHideFlags: 0
  m_PrefabParentObject: {fileID: 0}
  m_PrefabInternal: {fileID: 0}
  m_GameObject: {fileID: 2088192646}
  m_Material: {fileID: 0}
  m_IsTrigger: 0
  m_Enabled: 1
  serializedVersion: 3
  m_Convex: 0
  m_CookingOptions: 14
  m_SkinWidth: 0.01
  m_Mesh: {fileID: 4300070, guid: 9c00c62033a2bbb448c962d681a0f7ab, type: 3}
